@article{article1,
  author    = {Jan Kowalski},
  title     = {Rozwój technologii w górach},
  journal   = {Czasopismo Górskie},
  year      = {2021},
  volume    = {27},
  pages     = {15-25}
}

@article{article2,
  author    = {Anna Nowak},
  title     = {Wpływ wysokości na zdrowie},
  journal   = {Medycyna Górska},
  year      = {2022},
  volume    = {30},
  pages     = {200-210}
}

@book{kowalski1995latex,
  author    = {Jan Kowalski and Anna Nowak},
  title     = {The \LaTeX\ Companion},
  publisher = {Wydawnictwo XYZ},
  year      = {1995},
  address   = {Warszawa}
}

@inproceedings{nowak2022alpinism,
  author    = {Anna Nowak},
  title     = {Nowoczesny alpinizm},
  booktitle = {Międzynarodowa Konferencja Alpinistyczna},
  year      = {2022},
  pages     = {95-102}
}

@unpublished{wojtyla2023filozofia,
  author = {Karol Wojtyła},
  title  = {Filozofia gór},
  note   = {manuskrypt},
  year   = {2023}
}

@manual{gorskieRatownictwo2020,
  title        = {Instrukcja bezpieczeństwa w górach},
  author       = {Górskie Ratownictwo},
  year         = {2020},
  organization = {Górskie Ratownictwo Polskie}
}
